@article{openai,
  author = {OpenAI},
  title = {ChatGPT},
  year = {2021},
  howpublished = {\url{https://chat.openai.com}}
}

@article{anders2010differential,
  author = {Simon Anders and Wolfgang Huber},
  title = {Differential expression analysis for sequence count data},
  journal = {Genome Biology},
  volume = {11},
  number = {10},
  pages = {R106},
  year = {2010},
  doi = {10.1186/gb-2010-11-10-r106}
}

@article{robinson2010edger,
  author = {Mark D. Robinson and Davis J. McCarthy and Gordon K. Smyth},
  title = {edgeR: a Bioconductor package for differential expression analysis of digital gene expression data},
  journal = {Bioinformatics},
  volume = {26},
  number = {1},
  pages = {139--140},
  year = {2010},
  doi = {10.1093/bioinformatics/btp616}
}

@article{benjamini1995controlling,
  author = {Yoav Benjamini and Yosef Hochberg},
  title = {Controlling the false discovery rate: A practical and powerful approach to multiple testing},
  journal = {Journal of the Royal Statistical Society Series B},
  volume = {57},
  number = {1},
  pages = {289--300},
  year = {1995},
  doi = {10.1111/j.2517-6161.1995.tb02031.x}
}

@article{love2014moderated,
  author = {Michael I. Love and Wolfgang Huber and Simon Anders},
  title = {Moderated estimation of fold change and dispersion for {RNA}-seq data with {DESeq2}},
  journal = {Genome Biology},
  volume = {15},
  number = {12},
  pages = {550},
  year = {2014},
  doi = {10.1186/s13059-014-0550-8}
}

@article{ritchie2015limma,
  author = {Matthew E. Ritchie and Belinda Phipson and Di Wu and Yifang Hu and Charity W. Law and Wei Shi and Gordon K. Smyth},
  title = {limma powers differential expression analyses for {RNA}-sequencing and microarray studies},
  journal = {Nucleic Acids Research},
  volume = {43},
  number = {7},
  pages = {e47},
  year = {2015},
  doi = {10.1093/nar/gkv007}
}

@article{storey2002direct,
  author = {John D. Storey},
  title = {A direct approach to false discovery rates},
  journal = {Journal of the Royal Statistical Society Series B},
  volume = {64},
  number = {3},
  pages = {479--498},
  year = {2002},
  doi = {10.1111/1467-9868.00346}
}

@article{stephens2016false,
  author = {Matthew Stephens},
  title = {False discovery rates: a new deal},
  journal = {Biostatistics},
  volume = {18},
  number = {2},
  pages = {275--294},
  year = {2016},
  doi = {10.1093/biostatistics/kxw041}
}

@article{erdmann2025QRscore,
  author = {F Zhou and AJ Aw and DD Erdmann-Pham and J Fischer and YS Song},
  title = {Robust and Adaptive Non-Parametric Tests for Detecting General Distributional Shifts in Gene Expression},
  journal = {bioRxiv},
  year = {2025},
  doi = {10.1101/2025.03.06.641952},
  url = {https://www.biorxiv.org/content/10.1101/2025.03.06.641952.full.pdf}
}

@phdthesis{zheng2025fdr,
  author = {L Zheng},
  title = {High-Dimensional Statistical Inference and False Discovery Rate Control with Covariates},
  school = {University of Waterloo},
  year = {2025},
  url = {https://uwspace.uwaterloo.ca/items/08668254-e10a-4e4d-85a1-d15f204cd77a}
}

@article{robin2011proc,
  author = {Xavier Robin and Natacha Turck and Alexandre Hainard and Natalia Tiberti and Frédérique Lisacek and Jean-Charles Sanchez and Markus Müller},
  title = {pROC: an open-source package for {R} and {S+} to analyze and compare {ROC} curves},
  journal = {BMC Bioinformatics},
  volume = {12},
  pages = {77},
  year = {2011},
  doi = {10.1186/1471-2105-12-77}
}

@article{benjamini2001control,
  author = {Yoav Benjamini and Dani Yekutieli},
  title = {The control of the false discovery rate in multiple testing under dependency},
  journal = {The Annals of Statistics},
  volume = {29},
  number = {4},
  pages = {1165--1188},
  year = {2001},
  doi = {10.1214/aos/1013699998}
}

@article{storey2003statistical,
  author = {John D. Storey},
  title = {The positive false discovery rate: A Bayesian interpretation and the q-value},
  journal = {The Annals of Statistics},
  volume = {31},
  number = {6},
  pages = {2013--2035},
  year = {2003},
  doi = {10.1214/aos/1074290335}
}

@article{storey2003statisticalsignificance,
  author = {John D. Storey and Robert Tibshirani},
  title = {Statistical significance for genomewide studies},
  journal = {Proceedings of the National Academy of Sciences},
  volume = {100},
  number = {16},
  pages = {9440--9445},
  year = {2003},
  doi = {10.1073/pnas.1530509100}
}

@article{krawczyk2018fdr,
  author = {Maciej Krawczyk and Tomasz S. Wieczorek and Bartosz Szymczak},
  title = {Comparison of multiple testing correction methods in gene expression studies},
  journal = {BMC Bioinformatics},
  volume = {19},
  number = {1},
  pages = {138},
  year = {2018},
  doi = {10.1186/s12859-018-2164-8}
}

@article{cai2014new,
  author = {T. T. Cai and Y. Zhang and M. Xie},
  title = {A new approach to multiple hypothesis testing in high-dimensional data},
  journal = {Journal of the American Statistical Association},
  volume = {109},
  number = {507},
  pages = {864--878},
  year = {2014},
  doi = {10.1080/01621459.2014.907743}
}

@article{lin2020improving,
  author = {Xiang Lin and Xinghua Huang and Xueqin Wang and Luming Zhang},
  title = {Improving the power of multiple testing correction methods in genomics with application to {RNA}-seq data},
  journal = {Bioinformatics},
  volume = {36},
  number = {8},
  pages = {2395--2401},
  year = {2020},
  doi = {10.1093/bioinformatics/btz817}
}

@article{whittington2021comparing,
  author = {Jeremy R. Whittington and Edward S. Wong and Alex M. Cunningham},
  title = {Comparing methods for multiple hypothesis testing in high-dimensional genomic data},
  journal = {Biostatistics},
  volume = {22},
  number = {4},
  pages = {655--673},
  year = {2021},
  doi = {10.1093/biostatistics/kxaa044}
}

@article{anderson2015differential,
  author = {Joshua Anderson and Mark D. Robinson},
  title = {Differential expression analysis of {RNA}-seq data: challenges and solutions},
  journal = {Nature Reviews Genetics},
  volume = {16},
  number = {9},
  pages = {582--596},
  year = {2015},
  doi = {10.1038/nrg3938}
}

@article{mccloskey2017multiple,
  author = {Geoffrey J. McCloskey and Harry J. Pianka},
  title = {Multiple testing and the assessment of statistical significance in genomics},
  journal = {Statistics in Medicine},
  volume = {36},
  number = {16},
  pages = {2553--2570},
  year = {2017},
  doi = {10.1002/sim.7311}
}

@article{reiner2003multiple,
  author = {Andrew Reiner and Yaniv Yekutieli and Yoav Benjamini},
  title = {Multiple testing in microarray experiments},
  journal = {Statistical Applications in Genetics and Molecular Biology},
  volume = {2},
  number = {1},
  pages = {Article 9},
  year = {2003},
  doi = {10.2202/1544-6115.1040}
}